@misc{kuzina2021diagnosing,
  title         = {Diagnosing Vulnerability of Variational Auto-Encoders to Adversarial Attacks},
  author        = {Anna Kuzina and Max Welling and Jakub M. Tomczak},
  year          = {2021},
  eprint        = {2103.06701},
  archiveprefix = {arXiv},
  primaryclass  = {cs.CR}
}
@inproceedings{higgins2017betavae,
  title     = {beta-{VAE}: Learning Basic Visual Concepts with a Constrained Variational Framework},
  author    = {Irina Higgins and Loic Matthey and Arka Pal and Christopher Burgess and Xavier Glorot and Matthew Botvinick and Shakir Mohamed and Alexander Lerchner},
  booktitle = {International Conference on Learning Representations},
  year      = {2017},
  url       = {https://openreview.net/forum?id=Sy2fzU9gl}
}
@inproceedings{Shin2017JPEGresistantAI,
  title  = {JPEG-resistant Adversarial Images},
  author = {Richard Shin},
  year   = {2017},
  url    = {https://api.semanticscholar.org/CorpusID:204804905}
}
@article{Chen2022AdversarialAA,
  title   = {Adversarial Attacks and Defenses in Image Classification: A Practical Perspective},
  author  = {Yongkang Chen and Ming Zhang and Jin Li and Xiaohui Kuang},
  journal = {2022 7th International Conference on Image, Vision and Computing (ICIVC)},
  year    = {2022},
  pages   = {424-430},
  url     = {https://api.semanticscholar.org/CorpusID:252397676}
}
@inproceedings{Zhang2021ASO,
  title     = {A Survey On Universal Adversarial Attack},
  author    = {Chaoning Zhang and Philipp Benz and Chenguo Lin and Adil Karjauv and Jing Wu and In So Kweon},
  booktitle = {International Joint Conference on Artificial Intelligence},
  year      = {2021},
  url       = {https://api.semanticscholar.org/CorpusID:232092965}
}
@article{Nguyen2014DeepNN,
  title   = {Deep neural networks are easily fooled: High confidence predictions for unrecognizable images},
  author  = {Anh M Nguyen and Jason Yosinski and Jeff Clune},
  journal = {2015 IEEE Conference on Computer Vision and Pattern Recognition (CVPR)},
  year    = {2014},
  pages   = {427-436},
  url     = {https://api.semanticscholar.org/CorpusID:206592585}
}
@misc{liu2023improvedllava,
  author    = {Liu, Haotian and Li, Chunyuan and Li, Yuheng and Lee, Yong Jae},
  title     = {Improved Baselines with Visual Instruction Tuning},
  publisher = {arXiv:2310.03744},
  year      = {2023}
}
@inproceedings{liu2023llava,
  author    = {Liu, Haotian and Li, Chunyuan and Wu, Qingyang and Lee, Yong Jae},
  title     = {Visual Instruction Tuning},
  booktitle = {NeurIPS},
  year      = {2023}
}
@article{Zou2023UniversalAT,
  title={Universal and Transferable Adversarial Attacks on Aligned Language Models},
  author={Andy Zou and Zifan Wang and J. Zico Kolter and Matt Fredrikson},
  journal={ArXiv},
  year={2023},
  volume={abs/2307.15043},
  url={https://api.semanticscholar.org/CorpusID:260202961}
}
@article{Bailey2023ImageHA,
  title={Image Hijacks: Adversarial Images can Control Generative Models at Runtime},
  author={Luke Bailey and Euan Ong and Stuart Russell and Scott Emmons},
  journal={ArXiv},
  year={2023},
  volume={abs/2309.00236},
  url={https://api.semanticscholar.org/CorpusID:261494235}
}